@article{abelson_et_al_supercomputer,
	title         = {The Supercomputer Toolkit},
	subtitle      = {A general framework for special-purpose computing},
	author        = {Abelson, Harold and
	                 Berlin, Andrew A. and
	                 Katzenelson, Jacob and
	                 McAllister, William and
	                 Rozas, Guillermo J. and
	                 Sussman, Gerald Jay and
	                 Wisdom, Jack},
	date          = {1992},
	journaltitle  = {International Journal of High-Speed Electronics},
	volume        = {3},
	number        = {3},
	pages         = {337--361},
	publisher     = {World Scientific Publishing Company},
	doi           = {10.1142/S0129156492000138},
	url           = {https://www.hpl.hp.com/techreports/94/HPL-94-30.pdf},
	urldate       = {2023-04-12}
}

@article{appel_garbage_faster_than_stack,
	title         = {Garbage Collection Can Be Faster Than Stack Allocation},
	author        = {Appel, Andrew W.},
	date          = {1987-06-17},
	journaltitle  = {Information Processing Letters},
	volume        = {25},
	number        = {4},
	pages         = {275--279},
	doi           = {10.1016/0020-0190(87)90175-X},
	url           = {https://www.cs.princeton.edu/~appel/papers/45.pdf},
	urldate       = {2023-04-12}
}

@article{backus_liberated_neumann,
	title         = {Can programming be liberated from the von Neumann style?},
	author        = {Backus, John},
	date          = {1978-08-01},
	journaltitle  = {Communications of the \acronym{ACM}},
	volume        = {21},
	number        = {8},
	publisher     = {Association for Computing Machinery},
	location      = {New York},
	pages         = {613--641},
	doi           = {10.1145/359576.359579}
}

@article{baker_list_processing_serial_computer,
	title         = {List processing in real time on a serial computer},
	author        = {Baker, Henry G. Jr.},
	date          = {1978-04-01},
	journaltitle  = {Communications of the ACM},
	volume        = {21},
	number        = {4},
	publisher     = {Association for Computing Machinery},
	location      = {New York},
	pages         = {280--194},
	doi           = {10.1145/359460.359470},
	url           = {http://dspace.mit.edu/handle/1721.1/41976},
	urldate       = {2023-04-12}
}

@article{chaitin_randomness_proof,
	title         = {Randomness and Mathematical Proof},
	author        = {Chaitin, Gregory J.},
	date          = {1975-05-01},
	journaltitle  = {Scientific American},
	volume        = {232},
	number        = {5},
	publisher     = {Scientific American, a division of Nature America, Inc.},
	location      = {},
	pages         = {47--52},
	url           = {https://www.jstor.org/stable/24949798},
	urldate       = {2023-04-12}
}

@article{dijkstra_THE_multiprogramming_system,
	title         = {The structure of the “THE”-multiprogramming system},
	author        = {Dijkstra, Edsger W.},
	date          = {1968-05},
	journaltitle  = {Communications of the ACM},
	volume        = {11},
	number        = {5},
	pages         = {341--346},
	doi           = {10.1145/363095.363143},
	url           = {http://www.cs.utexas.edu/users/EWD/ewd01xx/EWD123.PDF},
	urldate       = {2023-04-12}
}

@book{allen_anatomy_of_lisp,
	title     = {Anatomy of Lisp},
	author    = {Allen, John},
	date      = {1978},
	pagetotal = {xviii+446},
	publisher = {McGraw-Hill},
	location  = {New York},
	series    = {Computer Science Series},
	isbn      = {0-07-001115-X},
}

@book{barodin_munro_complexity_algebraic_numeric,
	title     = {The Computational Complexity of Algebraic and Numeric Problems},
	author    = {Borodin, Alan and Munro, Ian},
	date      = {1975},
	pagetotal = {x+174},
	publisher = {American Elsevier},
	location  = {New York},
	series    = {Theory of Computation},
	number    = {1},
	isbn      = {0-444-00168-9},
	url       = {https://archive.org/details/computationalcom0000boro},
	urldate   = {2023-04-12}
}

@book{church_calculi_lambda_conversion,
	title     = {The Calculi of Lambda Conversion},
	author    = {Church, Alonzo},
	date      = {1941},
	pagetotal = {ii+77},
	publisher = {Princeton University Press},
	location  = {Princeton, New Jersey},
	series    = {Annals of Mathematics Studies},
	number    = {6},
	isbn      = {978-0-691083940},
	url       = {https://www.jstor.org/stable/j.ctt1b9x12d},
	urldate   = {2023-04-12}
}

@book{clr_1990,
	title       = {Introduction to Algorithms},
	author      = {Cormen, Thomas H. and
	               Leiserson, Charles E. and
	               Rivest, Ronald L.},
	date        = {1990},
	pagetotal   = {xi+995},
	publisher   = {The MIT Press},
	location    = {Cambridge, Massachusetts},
	isbn        = {978-0-262-04630-5},
	doi         = {}
}

@book{darlington_et_al_functional_programming_applications,
	title     = {Functional Programming and Its Applications},
	subtitle  = {An advanced course},
	author    = {Darlington, J. and
	             Guttag, J. V. and
	             Henderson, P. and
	             Morris, J. H. and
	             Stoy, J. E. and
	             Sussman, G. J. and
	             Treleaven, P. C. and
	             Turner, D. A. and
	             Williams, J. H. and
	             Wise, D. S.},
	editor    = {Darlington, John and
	             Henderson, Peter and
	             Turner, David A.},
	date      = {1982-02},
	pagetotal = {xi+306},
	publisher = {Cambridge University Press},
	location  = {Cambridge},
	isbn      = {978-0-521-24503-6},
	doi       = {}
}

@book{logic_and_data_bases,
	title     = {Logic and Data Bases},
	editor    = {Gallaire, Hervé and Minker, Jack},
	date      = {1978},
	pagetotal = {viii+458},
	publisher = {Plenum Press},
	location  = {New York},
	isbn      = {0-306-40060-X},
	doi       = {10.1007/978-1-4684-3384-5},
	url       = {https://archive.org/details/logicdatabases0000symp},
	urldate   = {2023-04-12}
}

@book{genuys_programming_languages,
	title     = {Programming Languages},
	editor    = {Genuys, F.},
	date      = {1968},
	publisher = {Academic Press},
	location  = {New York}
}

@inbook{clark_negation_as_failure,
	crossref  = {logic_and_data_bases},
	title     = {Negation as failure},
	author    = {Clakr, Keith L.},
	pages     = {293--322},
	url       = {https://www.doc.ic.ac.uk/~klc/neg.html},
	urldate   = {2023-04-12}
}

@inbook{dijkstra_cooperating_sequential_processes,
	crossref  = {genuys_programming_languages},
	title     = {Cooperating sequential processes},
	author    = {Dijkstra, Edsger W.},
	pages     = {43--112},
	url       = {http://www.cs.utexas.edu/users/EWD/ewd01xx/EWD123.PDF},
	urldate   = {2023-04-12}
}

@inproceedings{batali_et_al_scheme_81,
	crossref  = {mit_conference_advanced_research_vlsi_1982},
	title     = {The Scheme-81 architecture---System and chip},
	author    = {Batali, John and
	             Mayle, Neil and
	             Shrobe, Howard and
	             Sussman, Gerald Jay and
	             Weise, Daniel}
}

@inproceedings{borning_thinglab,
	crossref  = {ijcai77},
	title     = {ThingLab --- An object-oriented system for building simulations using constraints},
	author    = {Berning, Alan},
	pages     = {497--498},
	doi       = {10.5555/1624435.1624545},
	url       = {https://www.ijcai.org/Past%20Proceedings/IJCAI-77-VOL1/PDF/085.pdf},
	urldate   = {2023-04-12}
}

@inproceedings{clinger_nondeterministic_call,
	crossref  = {acm_symposium_lisp_functional_1982},
	title     = {Nondeterministic call by need is neither lazy nor by name},
	author    = {Clinger, William},
	pages     = {226--234}
}

@inproceedings{clinger_rees_macros_that_work,
	crossref  = {acm_conference_principles_programming_languages_1991},
	title     = {Macros that work},
	author    = {Clinger, William and Rees, Jonathan},
	pages     = {155--162},
	doi       = {10.1145/99583.99607}
}

@manual{ansi_common_lisp,
	title     = {\acronym{ANSI}~X3.226-1994},
	subtitle  = {American National Standard for Information Systems---Programming Language---Common Lisp},
	date      = {1994}
}

@proceedings{acm_conference_principles_programming_languages_1991,
	title       = {Proceedings of the 1991 \acronym{ACM} Conference on Principles of Programming Languages},
	editor      = {Wise, David},
	editortype  = {Chairman},
	pagetotal   = {366},
	venue       = {Orlando, Florida},
	eventdate   = {1991-01-21/1991-01-23},
	date        = {1991},
	publisher   = {Association for Computing Machinery},
	location    = {New York},
	isbn        = {978-0-89791-419-2},
	doi         = {10.1145/99583}
}

@proceedings{acm_symposium_lisp_functional_1982,
	title       = {Proceedings of the \acronym{ACM} Symposium on Lisp and Functional Programming},
	editor      = {Park, David M. R. and
	               Friedman, Daniel P. and
	               Wise, David S. and
	               Steele, Guy L.},
	editortype  = {Chairmen},
	pagetotal   = {264},
	venue       = {Pittsburgh, Pennsylvania},
	eventdate   = {1982-08-15/1982-08-18},
	date        = {1982},
	publisher   = {Association for Computing Machinery},
	location    = {New York},
	isbn        = {978-0-89791-082-8},
	doi         = {10.1145/800068}
}

@proceedings{ijcai77,
	title     = {Proceedings of the 5th International Joint Conference on Artificial Intelligence},
	volume    = {1},
	pagetotal = {586},
	eventdate = {1977-08-22/1977-08-25},
	venue     = {Massachusetts Institute of Technology, Cambridge, Massachusetts},
	publisher = {Morgan Kaufmann},
	location  = {San Francisco},
	doi       = {10.5555/1624435},
	url       = {https://www.ijcai.org/proceedings/1977-1},
	urldate   = {2023-04-12}
}

@proceedings{mit_conference_advanced_research_vlsi_1982,
	title     = {Proceedings of the \acronym{MIT} Conference on Advanced Research in \acronym{VLSI}},
	venue     = {Massachusetts Institute of Technology},
	editor    = {Paul, Penfield Jr.},
	date      = {1982-01-25/1982-01-27},
	publisher = {Artech House},
	location  = {Dedham}
}

@report{colmerauer_et_al_system_communication_homme-machine,
	title       = {Un systéme de communication homme-machine en français},
	author      = {Colmerauer, A. and
	               Kanoui, H. and
	               Pasero, R. and
	               Roussel, P.},
	date        = {1973-06},
	type        = {report},
	language    = {french},
	institution = {Université d’Aix Marseille},
	note        = {Groupe Intelligence Artificielle},
	url         = {http://alain.colmerauer.free.fr/alcol/ArchivesPublications/HommeMachineFr/HoMa.pdf},
	urldate     = {2023-08-12}
}


@article{test_article,
	title         = {},
	author        = {},
	date          = {},
	journaltitle  = {},
	volume        = {},
	number        = {},
	publisher     = {},
	location      = {},
	pages         = {},
	doi           = {}
}

@book{test_book,
	title       = {},
	author      = {},
	date        = {},
	pagetotal   = {},
	publisher   = {},
	location    = {},
	series      = {},
	number      = {},
	isbn        = {},
	doi         = {}
}
